% This file was created with JabRef 2.10.
% Encoding: UTF8


@Book{Starostin1991,
  Title                               = {Altajskaja problema i proischo\v{z}denije japonskogo jazyka [The Altaic problem and the origin of the Japanese language]},
  Author                              = {Starostin, Sergej Anatol'evic},
  Publisher                           = {Nauka},
  Year                                = {1991},

  Address                             = {Moscow},

  Keywords                            = {long-range comparison;Altaic;Japanese},
  Owner                               = {mattis},
  Timestamp                           = {2015.09.21}
}

@Article{Swadesh1955,
  Title                               = {Towards greater accuracy in lexicostatistic dating},
  Author                              = {Swadesh, Morris},
  Journal                             = {International Journal of American Linguistics},
  Year                                = {1955},
  Eprint                              = {1263939},
  Eprinttype                          = {JSTOR},
  ISSN                                = {00207071},
  Number                              = {2},
  Pages                               = {121--137},
  Volume                              = {21},

  Owner                               = {mattis},
  Timestamp                           = {2015.09.21}
}

@Article{Swadesh1950,
  Title                               = {Salish internal relationships},
  Author                              = {Swadesh, Morris},
  Journal                             = {International Journal of American Linguistics},
  Year                                = {1950},
  Eprint                              = {1262898},
  Eprinttype                          = {JSTOR},
  ISSN                                = {00207071},
  Number                              = {4},
  Pages                               = {157--167},
  Volume                              = {16},

  Owner                               = {mattis},
  Timestamp                           = {2015.09.21}
}

